<?xml version="1.0" encoding="UTF-8"?><collection xmlns="http://www.loc.gov/MARC21/slim"><record><leader>00442nam--2200157-i-4500</leader><controlfield tag="001">000010084</controlfield><controlfield tag="002">20161230</controlfield><controlfield tag="005">20161230201028</controlfield><controlfield tag="008">060222s1000------------r-----000-0-eng-d</controlfield><datafield ind1=" " ind2=" " tag="080"><subfield code="a">517.5</subfield></datafield><datafield ind1=" " ind2=" " tag="100"><subfield code="a">Ayant Yves And Borg Marcel</subfield></datafield><datafield ind1=" " ind2=" " tag="245"><subfield code="a">Fonctions speciales a l usage des etudiants en physique</subfield></datafield><datafield ind1=" " ind2=" " tag="260"><subfield code="a">Dunod, Paris, 1971 X + 266 P</subfield></datafield><datafield ind1=" " ind2=" " tag="490"><subfield code="a">Collection Dunod Universite</subfield></datafield><datafield ind1=" " ind2=" " tag="852"><subfield code="a">16125</subfield><subfield code="c">517.5</subfield></datafield><datafield ind1=" " ind2=" " tag="CAT"><subfield code="a">Sys</subfield><subfield code="c">20080730</subfield><subfield code="h">101241</subfield></datafield></record></collection>